% Bibliography for Master's Thesis
% Psychological Manipulation in Marketing Discourse

% Critical Discourse Analysis
@book{fairclough2015language,
  title={Language and Power},
  author={Fairclough, Norman},
  year={2015},
  edition={3rd},
  publisher={Routledge},
  address={London}
}

@book{wodak2015methods,
  title={Methods of Critical Discourse Studies},
  author={Wodak, Ruth and Meyer, Michael},
  year={2015},
  edition={3rd},
  publisher={SAGE},
  address={London}
}

@article{vandijk2006discourse,
  title={Discourse and Manipulation},
  author={van Dijk, Teun A.},
  journal={Discourse \& Society},
  volume={17},
  number={3},
  pages={359--383},
  year={2006},
  publisher={SAGE}
}

% Multimodal Analysis
@book{kress2006reading,
  title={Reading Images: The Grammar of Visual Design},
  author={Kress, Gunther and van Leeuwen, Theo},
  year={2006},
  edition={2nd},
  publisher={Routledge},
  address={London}
}

@book{bateman2014text,
  title={Text and Image: A Critical Introduction to the Visual/Verbal Divide},
  author={Bateman, John A.},
  year={2014},
  publisher={Routledge},
  address={London}
}

% Marketing and Consumer Psychology
@book{cialdini2021influence,
  title={Influence: The Psychology of Persuasion},
  author={Cialdini, Robert B.},
  year={2021},
  edition={Revised},
  publisher={Harper Business},
  address={New York}
}

@article{bagozzi2002consumer,
  title={The Social Psychology of Consumer Behaviour},
  author={Bagozzi, Richard P. and G{\"u}rhan-Canli, Zeynep and Priester, Joseph R.},
  journal={Applied Social Psychology},
  year={2002},
  publisher={Open University Press}
}

@article{krishna2012sensory,
  title={An Integrative Review of Sensory Marketing: Engaging the Senses to Affect Perception, Judgment and Behavior},
  author={Krishna, Aradhna},
  journal={Journal of Consumer Psychology},
  volume={22},
  number={3},
  pages={332--351},
  year={2012}
}

% Digital Marketing and Manipulation
@article{calo2014digital,
  title={Digital Market Manipulation},
  author={Calo, Ryan},
  journal={George Washington Law Review},
  volume={82},
  number={4},
  pages={995--1051},
  year={2014}
}

@article{susser2019technology,
  title={Technology, Autonomy, and Manipulation},
  author={Susser, Daniel and Roessler, Beate and Nissenbaum, Helen},
  journal={Internet Policy Review},
  volume={8},
  number={2},
  year={2019}
}

% Neuromarketing
@article{morin2011neuromarketing,
  title={Neuromarketing: The New Science of Consumer Behavior},
  author={Morin, Christophe},
  journal={Society},
  volume={48},
  number={2},
  pages={131--135},
  year={2011},
  publisher={Springer}
}

@article{plassmann2012branding,
  title={Branding the Brain: A Critical Review and Outlook},
  author={Plassmann, Hilke and Rams{\o}y, Thomas ZoÃ«ga and Milosavljevic, Milica},
  journal={Journal of Consumer Psychology},
  volume={22},
  number={1},
  pages={18--36},
  year={2012}
}

% Luxury Brand Marketing
@article{kapferer2014luxury,
  title={The Specificity of Luxury Management: Turning Marketing Upside Down},
  author={Kapferer, Jean-No{\"e}l and Bastien, Vincent},
  journal={Journal of Brand Management},
  volume={16},
  number={5-6},
  pages={311--322},
  year={2014}
}

@article{dion2016luxury,
  title={Luxury Retail and the Art of Design},
  author={Dion, Delphine and Borraz, St{\'e}phane},
  journal={Journal of Retailing},
  volume={92},
  number={4},
  pages={502--520},
  year={2016}
}

% Fitness Industry Marketing
@article{andreasson2014fitness,
  title={The Fitness Revolution: Historical Transformations in the Global Gym and Fitness Culture},
  author={Andreasson, Jesper and Johansson, Thomas},
  journal={Sport Science Review},
  volume={23},
  number={3-4},
  pages={91--112},
  year={2014}
}

@article{millington2018fit,
  title={Fit for Prosumption: Interactivity and the Second Fitness Boom},
  author={Millington, Brad},
  journal={Media, Culture \& Society},
  volume={40},
  number={8},
  pages={1184--1201},
  year={2018}
}

% Beauty and Skincare Marketing
@article{jones2010globalization,
  title={Globalization and Beauty: A Historical and Firm Perspective},
  author={Jones, Geoffrey},
  journal={EurAmerica},
  volume={41},
  number={4},
  pages={885--916},
  year={2010}
}

@article{coleman2020digital,
  title={Digital Beauty: The Social Construction of Beauty in Digital Spaces},
  author={Coleman, Rebecca},
  journal={Body \& Society},
  volume={26},
  number={4},
  pages={471--495},
  year={2020}
}

% Ethical Considerations
@article{beauchamp1984manipulative,
  title={Manipulative Advertising},
  author={Beauchamp, Tom L.},
  journal={Business \& Professional Ethics Journal},
  volume={3},
  number={3/4},
  pages={1--22},
  year={1984}
}

@article{zarouali2019dark,
  title={The Dark Side of Personalized Advertising: Consumer Perceptions and Responses},
  author={Zarouali, Brahim and Strycharz, Joanna and Helberger, Natali and de Vreese, Claes},
  journal={Cyberpsychology, Behavior, and Social Networking},
  volume={22},
  number={5},
  pages={388--394},
  year={2019}
}

% Corpus Linguistics
@book{baker2006using,
  title={Using Corpora in Discourse Analysis},
  author={Baker, Paul},
  year={2006},
  publisher={Continuum},
  address={London}
}

@book{mcenery2012corpus,
  title={Corpus Linguistics: Method, Theory and Practice},
  author={McEnery, Tony and Hardie, Andrew},
  year={2012},
  publisher={Cambridge University Press},
  address={Cambridge}
}

% Sentiment Analysis
@article{liu2012sentiment,
  title={Sentiment Analysis and Opinion Mining},
  author={Liu, Bing},
  journal={Synthesis Lectures on Human Language Technologies},
  volume={5},
  number={1},
  pages={1--167},
  year={2012},
  publisher={Morgan \& Claypool}
}

@inproceedings{cambria2017affective,
  title={Affective Computing and Sentiment Analysis},
  author={Cambria, Erik and Das, Dipankar and Bandyopadhyay, Sivaji and Feraco, Antonio},
  booktitle={A Practical Guide to Sentiment Analysis},
  pages={1--10},
  year={2017},
  publisher={Springer}
}

% Social Media Marketing
@article{dwivedi2021social,
  title={Setting the Future of Digital and Social Media Marketing Research: Perspectives and Research Propositions},
  author={Dwivedi, Yogesh K. and Ismagilova, Elvira and Hughes, D. Laurie and others},
  journal={International Journal of Information Management},
  volume={59},
  pages={102168},
  year={2021}
}

@article{appel2020future,
  title={The Future of Social Media in Marketing},
  author={Appel, Gil and Grewal, Lauren and Hadi, Rhonda and Stephen, Andrew T.},
  journal={Journal of the Academy of Marketing Science},
  volume={48},
  number={1},
  pages={79--95},
  year={2020}
}