@article{calo2014digital,
  author = {Ryan Calo},
  title = {Digital market manipulation},
  journal = {George Washington Law Review},
  volume = {82},
  number = {4},
  pages = {995--1051},
  year = {2014}
}

@book{cialdini2021influence,
  author = {Robert B. Cialdini},
  title = {Influence: The Psychology of Persuasion},
  publisher = {Harper Business},
  address = {New York},
  edition = {revised},
  year = {2021}
}

@book{fairclough2015language,
  author = {Norman Fairclough},
  title = {Language and Power},
  publisher = {Routledge},
  address = {London},
  edition = {3rd},
  year = {2015}
}